<?xml version="1.0" encoding="UTF-8"?><record xmlns="http://www.loc.gov/MARC21/slim" xmlns:cinclude="http://apache.org/cocoon/include/1.0" xmlns:zs="http://www.loc.gov/zing/srw/">
  <leader>00614cz  a2200157n  4500</leader>
  <controlfield tag="001">n  82066848 </controlfield>
  <controlfield tag="003">DLC</controlfield>
  <controlfield tag="005">20120731081227.0</controlfield>
  <controlfield tag="008">820628n| acannaab           |a ana      </controlfield>
  <datafield tag="010" ind1=" " ind2=" ">
    <subfield code="a">n  82066848 </subfield>
  </datafield>
  <datafield tag="040" ind1=" " ind2=" ">
    <subfield code="a">DLC</subfield>
    <subfield code="b">eng</subfield>
    <subfield code="c">DLC</subfield>
    <subfield code="d">DLC</subfield>
  </datafield>
  <datafield tag="111" ind1="2" ind2=" ">
    <subfield code="a">Thermal Expansion Symposium</subfield>
    <subfield code="d">(1971 :</subfield>
    <subfield code="c">Corning, N.Y.)</subfield>
  </datafield>
  <datafield tag="411" ind1="2" ind2=" ">
    <subfield code="w">nnaa</subfield>
    <subfield code="a">Thermal Expansion Symposium,</subfield>
    <subfield code="c">Corning, N.Y.,</subfield>
    <subfield code="d">1971</subfield>
  </datafield>
  <datafield tag="511" ind1="2" ind2=" ">
    <subfield code="w">b</subfield>
    <subfield code="a">International Symposium on Thermal Expansion of Solids</subfield>
    <subfield code="d">(1973 :</subfield>
    <subfield code="c">Lake Ozark, Mo.)</subfield>
  </datafield>
  <datafield tag="667" ind1=" " ind2=" ">
    <subfield code="a">THIS 1XX FIELD CANNOT BE USED UNDER RDA UNTIL THIS RECORD HAS BEEN REVIEWED AND/OR UPDATED</subfield>
  </datafield>
  <datafield tag="670" ind1=" " ind2=" ">
    <subfield code="a">Its Thermal expansion--1971, 1972.</subfield>
  </datafield>
</record>